% Example of citing
@article{hart1968-astar,
  title={A formal basis for the heuristic determination of minimum cost paths},
  author={Hart, Peter E and Nilsson, Nils J and Raphael, Bertram},
  journal={IEEE transactions on Systems Science and Cybernetics},
  volume={4},
  number={2},
  pages={100--107},
  year={1968},
  publisher={IEEE}
}

% ARTICLE. An article from a journal or magazine
% Required: author, title, journal, year
% Optional: volueme, number, pages, month, note.
%@article{,
%	author={},
%	title={},
%	journal={},
%	year={}
%}

%MANUAL Technical documentation. 
% Required: title
% Optional: author, organization, address, edition, month, year
%@manual{,
%	title={},
%	author={},
%	year = {, accessed }
%}

% BOOK. A book with an explicit publisher
% Required: author or editor, title, publisher, year
% Optional: volume or number, series, address, edition, month, note
%@book{,
%	author={},
%	title={},
%	publisher={},
%	year={}
%}

% ONLINE. Use this type when adding a reference from a website.
%@online{
%	author={},
%	title={},
%	url={},
%	addendum={(accessed: dd.mm.yyyy},
%	keywords={}
%}

% MISC. Use this type when nothing else fits. A warning will be issued if all optional fields are empty (i.e., the entire entry is empty or has only ignored fields). 
% Required: none
% Optional: author, title, howpublished, month, year, note
%@misc{
%	author={},
%	title={},
%	howpublished={\url{}},
%	note={},
%	year={}
%}

https://forums.ageofempires.com/t/guide-to-modding/61109/4

%%%%%%%%%%%%%%%%%%%%%%%%%%%%%%%%%%%%%%%%%%%%%%%%%%%%%
%%%%%%%%%%%%%%%%%%% CITATIONS %%%%%%%%%%%%%%%%%%%%%%%
%%%%%%%%%%%%%%%%%%%%%%%%%%%%%%%%%%%%%%%%%%%%%%%%%%%%%

@misc{yorok:2019,
	author={Yorok0},
	title={A guide to modding?},
	howpublished={https://forums.ageofempires.com/t/guide-to-modding/61109/4},
	note={(accessed: 28.12.2020)},
	keywords={aoe}
}

@misc{Ozhara:2017,
	author={Ozhara},
	title={Ozhara's Modding Guide for AoE 2 HD},
	howpublished={https://steamcommunity.com/sharedfiles/filedetails/?id=190070326},
	note={(accessed: 28.12.2020)},
	keywords={aoe}
}

@misc{TurnupHyperion4:2019,
	author={TurnupHyperion4},
	title={A guide to modding?},
	howpublished={https://forums.ageofempires.com/t/guide-to-modding/61109/2},
	note={(accessed: 28.12.2020)},
	keywords={aoe}
}

@misc{gagmanAoC:2017,
	author={gagmanAoC},
	title={No rotting/corpses stay mod?},
	howpublished={https://www.reddit.com/r/aoe2/comments/5o2259/no\_rottingcorpses\_stay\_mod/},
	note={(accessed: 28.12.2020)},
	keywords={aoe}
}

@misc{agewiki:2014,
	author={A Fandom user},
	title={Units},
	howpublished={https://agecommunity.fandom.com/wiki/Units},
	note={(accessed: 28.12.2020)},
	keywords={aoe}
}

@misc{agewiki:grpahics:2014,
	author={Nelmatd},
	title={Graphics},
	howpublished={https://agecommunity.fandom.com/wiki/Graphics},
	note={(accessed: 28.12.2020)},
	keywords={aoe}
}

@misc{steamid:2019,
	author={[~ĐĐ~] Krampus},
	title={Bug: Stable Keeps Disappearing with Video (now with how to fix it!) },
	howpublished={https://steamcommunity.com/app/813780/discussions/2/2145343448814946626/?ctp=4\#c2260186248407607030},
	note={(accessed: 28.12.2020)},
	keywords={aoe}
}

@misc{rms:2019,
	author={Ryan Andrews, Bultrom, Zetnus},
	title={Age of Empires RMS Guide},
	howpublished={http://aoe.dragonferocity.com/guide/},
	note={(accessed: 29.12.2020)},
	keywords={unkown}
}

@misc{zetnus:2019,
	author={Zetnus},
	title={Definitive Random Map Scripting Guide},
	howpublished={https://docs.google.com/document/d/e/2PACX-1vR\_I1I9u-hI2FFm-EYyjoM\_-9dNJFOfTaIgr05wXNbdpv9tI18b6r18ARULy3Jqyvlq6-lc2VjX6xP4/pub},
	note={(accessed: 29.12.2020)},
	keywords={aoe}
}

@misc{userpatch15,
	author={Ensemble Studios},
	title={Scripting Guide - UserPatch v1.5},
	howpublished={http://userpatch.aiscripters.net/reference.html\#},
	note={(accessed: 30.12.2020)},
	keywords={aoe}
}
	

@misc{zetnus:2015,
	author={Zetnus},
	title={Random Map Scripting Links and FAQ},
	howpublished={http://aok.heavengames.com/cgi-bin/forums/display.cgi?action=ct\&f=28,42485,,30},
	note={(accessed: 30.12.2020)},
	keywords={aoe}
}

@misc{aok:cliffs,
	author={Zetnus},
	title={RMS Tutorials: All About Cliffs},
	howpublished={http://aok.heavengames.com/cgi-bin/forums/display.cgi?action=ct\&f=26,42261,,all},
	note={(accessed: 30.12.2020)},
	keywords={aoe}
}

@misc{forgotten-empires:rms-features,
	author={Forgotten Empires},
	title={RMS features},
	howpublished={https://www.forgottenempires.net/age-of-empires-ii-definitive-edition/rms-features},
	note={(accessed: 30.12.2020)},
	keywords={aoe}
}


@misc{genie:hitpoints,
	author={Mikko, Apre, Estien Nifo},
	title={Advanced Genie Editor},
	howpublished={Advanced Genie Editor 2020.3.30}},
	note={(accessed: 28.12.2020)},
	year={2020}
}

@article{dijkstra1959a,
  author    = {Edsger W. Dijkstra},
  title     = {A note on two problems in connexion with graphs},
  journal   = {Numerische Mathematik},
  volume    = {1},
  pages     = {269--271},
  year      = {1959},
  commentout_url       = {https://doi.org/10.1007/BF01386390},
  commentout_doi       = {10.1007/BF01386390},
  commentout_timestamp = {Mon, 29 Jul 2019 15:59:06 +0200},
  commentout_biburl    = {https://dblp.org/rec/bib/journals/nm/Dijkstra59},
  commentout_bibsource = {dblp computer science bibliography, https://dblp.org}
}
